@article{Dickey1971,
  title={The weighted likelihood ratio, linear hypotheses on normal location parameters},
  author={Dickey, James M},
  journal={The Annals of Mathematical Statistics},
  pages={204--223},
  year={1971},
  publisher={JSTOR}
}

@book{Shao2003,
  title={Mathematical Statistics},
  author={Shao, Jun},
  year={2003},
  publisher={Springer Science \& Business Media}
}
@book{Robert2007,
  title={The Bayesian choice: from decision-theoretic foundations to computational implementation},
  author={Robert, Christian P and others},
  volume={2},
  year={2007},
  publisher={Springer}
}
